<record><leader>00000cas a2200000 a 4500</leader><controlfield tag="001">9642050</controlfield><controlfield tag="008">830624d19341948nyudn ne      0    0eng c</controlfield><datafield ind1=" " ind2=" " tag="010"><subfield code="a">sn 83045793 </subfield></datafield><datafield ind1=" " ind2=" " tag="040"><subfield code="a">CRL</subfield><subfield code="b">eng</subfield><subfield code="c">CRL</subfield><subfield code="d">NPW</subfield><subfield code="d">DLC</subfield><subfield code="d">OCL</subfield><subfield code="d">NJW</subfield><subfield code="d">DLC</subfield><subfield code="d">YOX</subfield><subfield code="d">CRL</subfield><subfield code="d">CNW</subfield><subfield code="d">NVF</subfield><subfield code="d">CRL</subfield><subfield code="d">DLC</subfield><subfield code="d">NYS</subfield><subfield code="d">DLC</subfield><subfield code="d">CUI</subfield><subfield code="d">OCLCQ</subfield><subfield code="d">OCLCF</subfield><subfield code="d">OCLCO</subfield></datafield><datafield ind1=" " ind2=" " tag="019"><subfield code="a">47731394</subfield></datafield><datafield ind1="1" ind2=" " tag="029"><subfield code="a">AU@</subfield><subfield code="b">000020294900</subfield></datafield><datafield ind1=" " ind2=" " tag="042"><subfield code="a">pcc</subfield></datafield><datafield ind1=" " ind2=" " tag="043"><subfield code="a">n-us-ny</subfield></datafield><datafield ind1="0" ind2="0" tag="050"><subfield code="a">Newspaper</subfield></datafield><datafield ind1=" " ind2="4" tag="050"><subfield code="a">AN</subfield></datafield><datafield ind1="0" ind2=" " tag="130"><subfield code="a">New York post (New York, N.Y. : 1934)</subfield></datafield><datafield ind1="1" ind2="0" tag="245"><subfield code="a">New York post.</subfield></datafield><datafield ind1=" " ind2=" " tag="260"><subfield code="a">New York, N.Y. :</subfield><subfield code="b">New York Evening Post, Inc.,</subfield><subfield code="c">1934-1948.</subfield></datafield><datafield ind1=" " ind2=" " tag="300"><subfield code="a">v.</subfield></datafield><datafield ind1=" " ind2=" " tag="310"><subfield code="a">Daily (except Sunday)</subfield></datafield><datafield ind1="0" ind2=" " tag="362"><subfield code="a">Vol. 133, no. 112 (Mar. 29, 1934)-v. 147, no. 75 (Feb. 14, 1948).</subfield></datafield><datafield ind1=" " ind2=" " tag="530"><subfield code="a">Available on microfilm from New York Public Library, Microfilm Corp. of America, Bell &amp; Howell Information and Learning, and the Library of Congress, Photoduplication Service.</subfield></datafield><datafield ind1=" " ind2=" " tag="580"><subfield code="a">Published a Conference ed. printed in Berkeley, Calif. Apr. 23, 1945-June 27, 1945 for the benifit of the delegates at the United Nations Conference on International Organization, held at San Francisco, Calif.</subfield></datafield><datafield ind1=" " ind2=" " tag="580"><subfield code="a">Merged with: Home news (New York, N.Y. : Bronx and Manhatten ed.), to become: New York post and the home news.</subfield></datafield><datafield ind1=" " ind2="0" tag="651"><subfield code="a">New York (N.Y.)</subfield><subfield code="v">Newspapers.</subfield></datafield><datafield ind1=" " ind2="0" tag="651"><subfield code="a">Berkeley (Calif.)</subfield><subfield code="v">Newspapers.</subfield></datafield><datafield ind1=" " ind2="0" tag="651"><subfield code="a">New York County (N.Y.)</subfield><subfield code="v">Newspapers.</subfield></datafield><datafield ind1=" " ind2="0" tag="651"><subfield code="a">Fresno County (Calif.)</subfield><subfield code="v">Newspapers.</subfield></datafield><datafield ind1=" " ind2="7" tag="655"><subfield code="a">Newspapers.</subfield><subfield code="2">fast</subfield><subfield code="0">(OCoLC)fst01423814</subfield></datafield><datafield ind1=" " ind2="7" tag="651"><subfield code="a">California</subfield><subfield code="z">Berkeley.</subfield><subfield code="2">fast</subfield><subfield code="0">(OCoLC)fst01205020</subfield></datafield><datafield ind1=" " ind2="7" tag="651"><subfield code="a">California</subfield><subfield code="z">Fresno County.</subfield><subfield code="2">fast</subfield><subfield code="0">(OCoLC)fst01214324</subfield></datafield><datafield ind1=" " ind2="7" tag="651"><subfield code="a">New York (State)</subfield><subfield code="z">New York.</subfield><subfield code="2">fast</subfield><subfield code="0">(OCoLC)fst01204333</subfield></datafield><datafield ind1=" " ind2="7" tag="651"><subfield code="a">New York (State)</subfield><subfield code="z">New York County.</subfield><subfield code="2">fast</subfield><subfield code="0">(OCoLC)fst01234953</subfield></datafield><datafield ind1=" " ind2=" " tag="752"><subfield code="a">United States</subfield><subfield code="b">New York</subfield><subfield code="c">New York</subfield><subfield code="d">New York.</subfield></datafield><datafield ind1=" " ind2=" " tag="752"><subfield code="a">United States</subfield><subfield code="b">California</subfield><subfield code="c">Fresno</subfield><subfield code="d">Fresno. New York post (Conference ed.)</subfield></datafield><datafield ind1="1" ind2=" " tag="775"><subfield code="t">New York post (Conference ed.)</subfield><subfield code="w">(DLC)sn2007058055</subfield><subfield code="w">(OCoLC)127121533</subfield></datafield><datafield ind1="0" ind2="0" tag="780"><subfield code="t">New York evening post (New York, N.Y. : 1920)</subfield><subfield code="w">(DLC)sn 83030386</subfield><subfield code="w">(OCoLC)9517291</subfield></datafield><datafield ind1="1" ind2="7" tag="785"><subfield code="t">Home news (New York, N.Y. : Bronx and Manhatten ed.)</subfield><subfield code="w">(DLC)sn 83030535</subfield><subfield code="w">(OCoLC)9612835</subfield></datafield><datafield ind1="1" ind2="7" tag="785"><subfield code="t">New York post and the home news</subfield><subfield code="w">(DLC)sn 85042272</subfield><subfield code="w">(OCoLC)12041017</subfield></datafield></record>